@TechReport{ogc:wps,
  title        = {{OpenGIS\textregistered{} Web Processing Service}},
  author       = {Schut, P.},
  type         = {{Implementation Specification}},
  howpublished = {{OGC 05-007r7, Version 1.0.0}},
  year         = {2007},
  institution  = {{Open Geospatial Consortium}},
  url          = {http://portal.opengeospatial.org/files/05-007r7},
  month        = jun
}

@TechReport{ogc:wms,
  title        = {{OpenGIS\textregistered{} Web Map Server}},
  author       = {de la Beaujardiere, J.},
  howpublished = {{OGC 06-042, Version 1.3.0}},
  year         = {2006},
  institution  = {{Open Geospatial Consortium}},
  type         = {{Implementation Specification}},
  url          = {http://portal.opengeospatial.org/files/06-042},
  month        = mar
}

@TechReport{ogc:wcs,
  title        = {{OGC\textregistered{} WCS 2.0 Interface Standard - Core: Corrigendum}},
  author       = {Baumann, P.},
  howpublished = {{OGC 09-110r4, Version 2.0.1}},
  year         = {2012},
  institution  = {{Open Geospatial Consortium}},
  type         = {{Implementation Specification}},
  url          = {https://portal.opengeospatial.org/files/09-110r4},
  month        = jul
}

@TechReport{ogc:wfs,
  title        = {{OpenGIS Web Feature Service 2.0 Interface Standard}},
  author       = {Vretanos, P.},
  howpublished = {{OGC 09-025r1, Version 2.0.0}},
  year         = {2010},
  institution  = {{Open Geospatial Consortium}},
  type         = {{Implementation Specification}},
  url          = {https://portal.opengeospatial.org/files/09-025r1},
  month        = nov
}

@TechReport{ogc:gml,
  title        = {{OpenGIS\textregistered{} Geography Markup Language (GML) Encoding Standard}},
  author       = {Portele, C.},
  howpublished = {{OGC 07-036, Version 3.2.1}},
  year         = {2007},
  institution  = {{Open Geospatial Consortium}},
  type         = {{Implementation Specification}},
  url          = {https://portal.opengeospatial.org/files/07-036},
  month        = aug
}


@TechReport{ogc:csw,
  title        = {{OpenGIS\textregistered{} Catalogue Services Specification}},
  author       = {Nebert, D. and Whiteside, A. and Vretanos, P.},
  howpublished = {{OGC 07-006r1, Version 2.0.2 with Corrigendum 2}},
  year         = {2007},
  institution  = {{Open Geospatial Consortium}},
  type         = {{Implementation Specification}},
  url          = {http://portal.opengeospatial.org/files/07-006r1},
  month        = feb
}

@TechReport{ogc:sos,
  title        = {{OGC\textregistered{} Sensor Observation Service Interface Standard}},
  author       = {Br\"{o}ring, A. and Stasch, C. and Echterhoff, J.},
  howpublished = {{OGC 12-006, Version 2.0}},
  year         = {2012},
  institution  = {{Open Geospatial Consortium}},
  type         = {{Implementation Specification}},
  url          = {http://portal.opengeospatial.org/files/12-006},
  month        = apr
}

@TechReport{ogc:ows,
  title        = {{OGC Web Services Common Specification}},
  author       = {Whiteside, A.},
  howpublished = {{OGC 06-121r3, Version 1.1.0 with Corrigendum 1}},
  year         = {2007},
  institution  = {{Open Geospatial Consortium}},
  type         = {{Implementation Specification}},
  url          = {http://portal.opengeospatial.org/files/06-121r3},
  month        = feb
}

@TechReport{ogc:waterml,
  title        = {{OGC\textcopyright{} WaterML 2.0: Part 1- Timeseries}},
  author       = {Tayper, P.},
  howpublished = {{OGC 10-126r4, Version 2.0.1}},
  year         = {2014},
  institution  = {{Open Geospatial Consortium}},
  type         = {{Implementation Specification}},
  url          = {http://portal.opengeospatial.org/files/10-126r4},
  month        = feb
}

@TechReport{ogc:sensorml2,
  title        = {{OGC\textcopyright{} SensorML: Model and XML Encoding Standard}},
  author       = {Botts, M. and Robin, A.},
  howpublished = {{OGC 12-000, Version 2.0.0}},
  year         = {2014},
  institution  = {{Open Geospatial Consortium}},
  type         = {{Implementation Specification}},
  url          = {http://portal.opengeospatial.org/files/12-000},
  month        = feb
}

@TechReport{ogc:sensorml1,
  title        = {{OpenGIS\textcopyright{} Sensor Model Language (SensorML) Implementation Specification}},
  author       = {Botts, M. and Robin, A.},
  howpublished = {{OGC 07-000, Version 1.0.0}},
  year         = {2007},
  institution  = {{Open Geospatial Consortium}},
  type         = {{Implementation Specification}},
  url          = {http://portal.opengeospatial.org/files/07-000},
  month        = jul
}

@TechReport{ogc:wps:cr109,
  title        = {{Web Processing Service Change Request â€“ methods for controlling, and checking the status of asynchronous process}},
  author       = {Schaon, A. and Woolf, W},
  howpublished = {{OGC CR 09-109r1}},
  year         = {2012},
  institution  = {{Open Geospatial Consortium}},
  type         = {{Change Request}},
  url          = {http://portal.opengeospatial.org/files/09-109r1},
  month        = jul
}

@misc{ogc:wps2swg,
  author      = {{Open Geospatial Consortium}},
  title       = {{Web Processing Service 2.0 SWG}},
  institution = {OGC},
  year        = {2014},
  url         = {http://www.opengeospatial.org/projects/groups/wps2.0swg},
  note        = {{\lastretrieved}},
}

@TechReport{ietf:rfc6455,
  author       = {I. Fette and A. Melnikov},
  title        = {{The WebSocket Protocol}},
  type         = {{RFC 6455 (Proposed Standard)}},
  institution  = {{IETF}},
  year         = {2011},
  month        = dec,
  url          = {http://www.ietf.org/rfc/rfc6455.txt}
}

@TechReport{ietf:rfc2616,
  author       = {R. Fielding and J. Gettys and J. Mogul and H. Frystyk and L. Masinter and P. Leach and T. Berners-Lee},
  title        = {{Hypertext Transfer Protocol -- HTTP/1.1}},
  type         = {{RFC 2616 (Draft Standard)}},
  institution  = {{IETF}},
  year         = {1999},
  month        = dec,
  url          = {http://www.ietf.org/rfc/rfc2616.txt}
}

@TechReport{ietf:rfc4648,
  author       = {S. Josefsson},
  title        = {{The Base16, Base32, and Base64 Data Encodings}},
  type         = {{RFC 4648 (Proposed Standard)}},
  institution  = {{IETF}},
  year         = {2006},
  month        = oct,
  url          = {http://www.ietf.org/rfc/rfc4648.txt}
}

@TechReport{ietf:rfc4122,
  author       = {P. Leach and M. Mealling and R. Salz},
  title        = {{A Universally Unique IDentifier (UUID) URN Namespace}},
  type         = {{RFC 4122 (Proposed Standard)}},
  institution  = {{IETF}},
  year         = {2005},
  month        = jul,
  url          = {http://www.ietf.org/rfc/rfc4122.txt},
}

@TechReport{NistFIPS1803,
  author       = {{National Institute of Standards and Technology}},
  howpublished = {http://csrc.nist.gov/publications/fips/fips180-3/fips180-3\_final.pdf},
  institution  = {Department of Commerce},
  keywords     = {cryptography, security},
  month        = aug,
  title        = {{FIPS 180-3, Secure Hash Standard, Federal Information Processing Standard (FIPS), Publication 180-3}},
  year         = {2008}
}

@TechReport{ietf:rfc3550,
  author       = {H. Schulzrinne and S. Casner and R. Frederick and V. Jacobson},
  title        = {{RTP: A Transport Protocol for Real-Time Applications}},
  type         = {{RFC 3550 (Intenet Standard)}},
  institution  = {{IETF}},
  year         = {2003},
  month        = jul,
  url          = {http://www.ietf.org/rfc/rfc3550.txt},
}


@TechReport{ietf:rfc2326,
  author       = {H. Schulzrinne and A. Rao and R. Lanphier},
  title        = {{Real Time Streaming Protocol (RTSP)}},
  type         = {{RFC 2326 (Proposed Standard)}},
  institution  = {{IETF}},
  year         = {1998},
  month        = apr,
  url          = {http://www.ietf.org/rfc/rfc2326.txt},
}

@TechReport{ietf:rfc3261,
  author       = {J. Rosenberg and H. Schulzrinne and G. Camarillo and A. Johnston and J. Peterson and R. Sparks and M. Handley and E. Schooler},
  title        = {{SIP: Session Initiation Protocol}},
  type         = {{RFC 3261 (Proposed Standard)}},
  institution  = {{IETF}},
  year         = {2002},
  month        = jun,
  url          = {http://www.ietf.org/rfc/rfc3261.txt},
}

@TechReport{ietf:draft-pantos-http-live-streaming-12,
  author       = {R. Pantos and W. May},
  title        = {{HTTP Live Streaming}},
  type         = {{Internet Draft (Informational)}},
  institution  = {{IETF}},
  year         = {2013},
  month        = oct,
  url          = {http://tools.ietf.org/id/draft-pantos-http-live-streaming-12.txt},
}

@TechReport{w3c:wsa,
  author      = {Rogers, T. and Hadley, M. and Gudgin, M.},
  title       = {{Web Services Addressing 1.0 - Core}},
  month       = may,
  url         = {http://www.w3.org/TR/2006/REC-ws-addr-core-20060509},
  year        = {2006},
  type        = {{W3C} Recommendation},
  institution = {{W3C}}
}

@TechReport{w3c:soap1,
  author      = {Lafon, Y. and Gudgin, M. and Hadley, M. and Moreau, M. and Mendelsohn, N. and Karmarkar, A. and Nielsen, H. F.},
  title       = {{SOAP Version 1.2 Part 1: Messaging Framework (Second Edition)}},
  month       = apr,
  url         = {http://www.w3.org/TR/2007/REC-soap12-part1-20070427/},
  year        = {2007},
  type        = {{W3C} Recommendation},
  institution = {{W3C}}
}

@TechReport{w3c:ws,
  author      = {Hickson, I.},
  title       = {{The WebSocket API}},
  url         = {http://www.w3.org/TR/2012/CR-websockets-20120920/},
  year        = {2012},
  month       = sep,
  type        = {{W3C Candidate Recommendation}},
  institution = {{W3C}}
}

@TechReport{w3c:cors,
  author      = {van Kesteren, A. and others},
  title       = {{Cross-Origin Resource Sharing}},
  url         = {http://www.w3.org/TR/2014/REC-cors-20140116/},
  year        = {2014},
  month       = jan,
  type        = {{W3C Recommendation}},
  institution = {{W3C}}
}

@misc{caniuse,
  author       = {Deveria, A.},
  title        = {{Can I use... Compatibility tables for support of HTML5, CSS3, SVG and more in desktop and mobile browsers.}},
  url          = {http://caniuse.com/},
  year         = {2014},
  note         = {{\lastretrieved}},
}

@article{read2011derivation,
  title     = {Derivation of lake mixing and stratification indices from high-resolution lake buoy data},
  author    = {Read, J. S. and Hamilton, D. P. and Jones, I. D. and Muraoka, K. and Winslow, L. A. and Kroiss, R. and Wu, C. H. and Gaiser, E.},
  journal   = {Environmental Modelling \& Software},
  volume    = {26},
  issn      = {1364-8152},
  number    = {11},
  pages     = {1325--1336},
  year      = {2011},
  publisher = {Elsevier}
}
@article{cole2007plumbing,
  title     = {Plumbing the Global Carbon Cycle: Integrating Inland Waters into the Terrestrial Carbon Budget},
  author    = {Cole, J. J. and Prairie, Y. T. and Caraco, N. F. and McDowell, W. H. and Tranvik, L. J. and Striegl, R. G. and Duarte, C. M. and Kortelainen, P. and Downing, J. A. and Middelburg, J. J. and Melack, J.},
  year      = {2007},
  issn      = {1432-9840},
  journal   = {Ecosystems},
  volume    = {10},
  number    = {1},
  publisher = {Springer},
  pages     = {172-185}
}

@article{downing2006global,
  title   = {The global abundance and size distribution of lakes, ponds, and impoundments},
  author  = {Downing, J. A. and Prairie, Y. T. and Cole, J. J. and Duarte, C. M. and Tranvik, L. J. and Striegl, R. G. and McDowell, W. H. and Kortelainen, P. and Caraco, N. F. and Melack, J. M. and Middelbiurg, J. J.},
  journal = {Limnology and Oceanography},
  volume  = {51},
  number  = {5},
  issn    = {1939-5590},
  pages   = {2388--2397},
  year    = {2006}
}
@book{cormen2001introduction,
  title     = {Introduction to algorithms},
  author    = {Cormen, T. H. and Leiserson, C. E. and Rivest, R. L. and Stein, C.},
  volume    = {2},
  year      = {2001},
  publisher = {MIT press Cambridge}
}

@article{pearce2007dynamic,
  title     = {A dynamic topological sort algorithm for directed acyclic graphs},
  author    = {Pearce, D. J. and Kelly, P. H. J.},
  journal   = {Journal of Experimental Algorithmics},
  issn      = {1084-6654},
  volume    = {11},
  pages     = {1--7},
  year      = {2007},
  publisher = {The Association for Computing Machinery}
}

@misc{read2013upscaling,
  author = {Read, J. S. and Winslow, L. A. and Hansen, G. A. and Van Den Hoek, J. and Markfort, C. D. and Booth, N.},
  year   = {2013},
  title  = {Upscaling aquatic ecology: Linking continental data products to distributed lake models},
  note   = {Poster, EarthCube Inland Waters meeting.}
}

@incollection{foerster2012live,
  title     = {Live Geoinformation with Standardized Geoprocessing Services},
  author    = {Foerster, T. and Baranski, B. and Borsutzky, H.},
  booktitle = {Bridging the Geographic Information Sciences},
  pages     = {99--118},
  year      = {2012},
  publisher = {Springer}
}

@article{buschmann1996pattern,
  title     = {{Pattern-Oriented Software Architecture Volume 1: A System of Patterns}},
  author    = {Buschmann, F. and Meunier, R. and Rohnert, H. and Sommerlad, P. and Stal, M.},
  year      = {1996},
  publisher = {Wiley}
}

@article{douglas1973algorithms,
  title     = {Algorithms for the reduction of the number of points required to represent a digitized line or its caricature},
  author    = {Douglas, D. H. and Peucker, T. K.},
  journal   = {Cartographica: The International Journal for Geographic Information and Geovisualization},
  volume    = {10},
  number    = {2},
  pages     = {112--122},
  year      = {1973},
  publisher = {UT Press}
}

@misc{matlablicense,
  title        = {{The MathWorks, Inc. Software License Agreement}},
  version      = {{R2013b}},
  author       = {{The MathWorks, Inc.}},
  year         = {2013},
  month        = sep,
  organization = {{The MathWorks, Inc.}},
  language     = {english},
}

@article{dijkstra,
  author    = {Dijkstra, E.W.},
  journal   = {Numerische Mathematik},
  number    = {1},
  pages     = {269-271},
  publisher = {Springer},
  title     = {A note on two problems in connexion with graphs},
  volume    = {1},
  year      = {1959},
}

@inproceedings{wps4r,
  title     = {{Spatial Statistics on the Geospatial Web}},
  booktitle = {Short Paper Proceedings of the 16th AGILE Conference on Geographic Information Science, Leuven, Belgium},
  month     = may,
  year      = {2013},
  author    = {Hinz, M. and N{\"u}st, D. and Pro{\ss}, B. and Pebesma, E.}
}
@inproceedings{rserve,
  title     = {{Rserve -- A fast way to provide R functionality to applications}},
  author    = {Urbanek, S.},
  editor    = {Hornik, K. and Leisch, F. and Zeileis, A.},
  booktitle = {{Proceedings of the 3rd International Workshop on Distributed Statistical Computing, Vienna, Austria}},
  year      = {2003},
  month     = mar
}

@misc{gnur,
  author = {{R Core Team}},
  title  = {{The R Project for Statistical Computing}},
  year   = {2014},
  url    = {http://www.r-project.org/},
  note   = {{\lastretrieved}},
}

@misc{jsr175,
  title        = {{A Metadata Facility for the Java\texttrademark{} Programming Language}},
  author       = {{JSR-175 Experts Group}},
  year         = {2004},
  month        = sep,
  url          = {https://jcp.org/en/jsr/detail?id=175},
  organization = {Java Community Process}
}

@misc{ecma335,
  title     = {{Standard ECMA-334: C\# Language Specification}},
  author    = {{European Computer Machinery Association}},
  shorthand = {ECMA-334},
  year      = {2006},
  edition   = {fourth},
  month     = jun
}

@article{van2008doxygen,
  title   = {Doxygen: Source code documentation generator tool},
  author  = {van Heesch, Dimitri},
  journal = {URL: \url{http://www.doxygen.org}},
  note    = {{\lastretrieved}},
  year    = {2008}
}

@misc{yaml,
  author      = {Ben-Kiki, O. and Evans, C. and Ingerson, B.},
  title       = {{YAML Ain't Markup Language (YAML\texttrademark) 1.2}},
  institution = {yaml.org},
  year        = {2009},
  month       = oct,
  edition     = {3\textsuperscript{rd}},
  url         = {http://www.yaml.org/spec/1.2/spec.html},
  note        = {{\lastretrieved}},
}

@misc{javadoc,
  author = {{Oracle Corporation}},
  title  = {{Javadoc Tool Home Page}},
  url    = {http://www.oracle.com/technetwork/java/javase/documentation/javadoc-137458.html},
  year   = {2013},
  month  = may,
  note   = {{\lastretrieved}},
}

@TechReport{w3c:xmldatatypes,
  author      = {Biron, P. V. and Malhotra, A.},
  title       = {{XML Schema Part 2: Datatypes Second Edition}},
  month       = oct,
  url         = {http://www.w3.org/TR/2007/REC-soap12-part1-20070427/},
  year        = {2004},
  type        = {{W3C} Recommendation},
  institution = {W3C}
}

@misc{matlab,
  author = {{The MathWorks, Inc.}},
  title  = {{MATLAB Documentation Center}},
  year   = {2014},
  url    = {http://www.mathworks.com/help/matlab/index.html},
  note   = {{\lastretrieved}},
}


@Book{ieee:754:2008,
  author    = {{IEEE Task P754}},
  title     = {{IEEE 754-2008, Standard for Floating-Point Arithmetic}},
  publisher = {{IEEE}},
  address   = {{New York, NY, USA}},
  pages     = {58},
  day       = {29},
  month     = aug,
  year      = {2008},
}

@Book{lamanual,
  author    = {Read, J. S. and Muraoka, K.},
  title     = {{LakeAnalyzer -- Ver. 3.3 User Manual}},
  publisher = {{Global Lake Ecological Observatory Network}},
  month     = mar,
  year      = {2011},
}

@Book{fibonacci,
  author    = {B\'{o}na, M.},
  title     = {{A Walk Through Combinatorics: An Introduction to Enumeration and Graph Theory}},
  edition   = {third},
  year      = {2011},
  publisher = {World Scientific Publishing Co. Pte. Ltd}
}

@article{marchetti1996maintaining,
  title     = {Maintaining a topological order under edge insertions},
  author    = {Marchetti-Spaccamela, A. and Nanni, U. and Rohnert, H.},
  journal   = {Information Processing Letters},
  volume    = {59},
  number    = {1},
  pages     = {53--58},
  year      = {1996},
  publisher = {Elsevier}
}

@inproceedings{alpern1990incremental,
  title        = {Incremental evaluation of computational circuits},
  author       = {Alpern, B. and Hoover, R. and Rosen, B. K. and Sweeney, P. F. and Zadeck, F. K.},
  booktitle    = {Proceedings of the first annual ACM-SIAM symposium on Discrete algorithms},
  pages        = {32--42},
  year         = {1990},
  organization = {Society for Industrial and Applied Mathematics}
}

@article{grid1,
  title   = {Grid computing enabled web processing service},
  author  = {Baranski, B.},
  journal = {Proceedings of the 6th Geographic Information Days, IfGI prints},
  volume  = {32},
  pages   = {243--256},
  year    = {2008}
}

@article{grid2,
  title   = {The integration of grid technology with {OGC} web services ({OWS}) in {NWGISS} for {NASA} {EOS} data},
  author  = {Di, L. and Chen, A. and Yang, W. and Zhao, P.},
  journal = {GGF8 \& HPDC12},
  pages   = {24--27},
  year    = {2003}
}

@incollection{grid3,
  title     = {Towards standards-based processing of digital elevation models for grid computing through web processing service ({WPS})},
  author    = {Lanig, S. and Schilling, A. and Stollberg, B. and Zipf, A.},
  booktitle = {{Computational Science and Its Applications--ICCSA 2008}},
  pages     = {191--203},
  year      = {2008},
  publisher = {Springer}
}

@article{cloud,
  title     = {Matching {INSPIRE} quality of service requirements with hybrid clouds},
  author    = {Baranski, B. and Foerster, T. and Sch{\"a}ffer, B. and Lange, K.},
  journal   = {Transactions in {GIS}},
  volume    = {15},
  number    = {s1},
  pages     = {125--142},
  year      = {2011},
  publisher = {Wiley Online Library}
}

@article{imberger1990,
  title   = {Physical limnology},
  author  = {Imberger, J. and Patterson, J. C},
  year    = {1990},
  pages   = {303--475},
  volume  = {27},
  journal = {Advances in Applied Mechanics}
}

@article{monismith1986,
  title   = {An Experimental Study of the upwelling response of stratified reservoirs to surface shear-stresses},
  author  = {Monismith, S.},
  year    = {1986},
  journal = {Journal of Fluid Mechanics},
  volume  = {171},
  pages   = {407--439},
}

@inproceedings{thompson1980,
  title     = {Response of a numerical model of a stratified lake to wind stress.},
  author    = {Thompson, R. O. R. Y. and Imperger, J.},
  month     = jun,
  year      = {1980},
  pages     = {562--570},
  volume    = {1},
  booktitle = {Proceedings of the 2nd Int. Symp. Stratified Flows, Trondheim, Norway},
}

@article{schmidt1928,
  title     = {{{\"U}ber die Temperatur-und Stabilit{\"a}tsverh{\"a}ltnisse von Seen}},
  author    = {Schmidt, W.},
  journal   = {Geografiska annaler},
  pages     = {145--177},
  lanuage   = {german},
  year      = {1928},
  publisher = {JSTOR},
}

@book{hutchinson1957,
  title     = {{A Treatise on Limnology: Vol. I. Geography, Physics and Chemistry}},
  author    = {Hutchinson, G. E.},
  year      = {1957},
  publisher = {John Wiley \& Sons, Inc., New York},
}

@article{idso1973,
  title   = {On the concept of lake stability},
  author  = {Idso, S. B.},
  year    = {1973},
  journal = {Limnology and Oceanography},
  volume  = {18},
  pages   = {681--683},
}

@book{jungnickel2012graphs,
  title     = {Graphs, Networks and Algorithms},
  author    = {Jungnickel, D.},
  series    = {Algorithms and Computation in Mathematics},
  number    = {5},
  year      = {2012},
  edition   = {fourth},
  publisher = {Springer},
}

@article{geller2008looking,
  title     = {Looking forward: Applying an ecological model web to assess impacts of climate change},
  author    = {Geller, G. N. and Melton, F.},
  journal   = {Biodiversity},
  volume    = {9},
  number    = {3-4},
  pages     = {79--83},
  year      = {2008},
  publisher = {Taylor \& Francis}
}

@inproceedings{aydin2006streaming,
  title={Streaming Data Services to Support Archival and Real-Time Geographical Information System Grids},
  author={Aydin, G. and Fox, G. C. and Gadgil, H. and Pierce, M. E.},
  booktitle={Sixth Annual NASA Earth Science Technology Conference},
  year={2006},
}